@book{gil_como_2008,
	address = {São Paulo},
	title = {Como elaborar projetos de pesquisa},
	isbn = {978-85-224-3169-4},
	language = {Portuguese},
	publisher = {Atlas},
	author = {Gil, Antonio Carlos},
	year = {2008}
}

@article{mena-chalco_scriptlattes:_2009,
	title = {{scriptLattes}: an open-source knowledge extraction system from the {Lattes} platform},
	volume = {15},
	issn = {0104-6500, 1678-4804},
	shorttitle = {{scriptLattes}},
	url = {http://link.springer.com/10.1007/BF03194511},
	doi = {10.1007/BF03194511},
	language = {en},
	number = {4},
	urldate = {2016-11-13},
	journal = {Journal of the Brazilian Computer Society},
	author = {Mena-Chalco, Jesús Pascual and Junior, Roberto Marcondes Cesar},
	month = dec,
	year = {2009},
	pages = {31--39}
}

@misc{henrique_rup_2015,
	title = {{RUP}( {Rational} {Unified} {Process})},
	url = {https://egovernament.wordpress.com/2015/11/02/rup-rational-unified-process/},
	abstract = {O RUP é um processo de desenvolvimento de software, que permite uma abordagem disciplinada em atribuir tarefas e responsabilidades na estruturação do desenvolvimento de um projecto. O RUP beneficia…},
	urldate = {2016-05-31},
	journal = {e-government},
	author = {Henrique, Miguel and Francisco, Rui},
	month = nov,
	year = {2015},
	note = {Última Visualização em: 31 mai. 2016},
	file = {Snapshot:C\:\\Users\\Beatriz\\AppData\\Roaming\\Zotero\\Zotero\\Profiles\\wcu1dgdj.default\\zotero\\storage\\76QGJKEU\\rup-rational-unified-process.html:text/html}
}

@misc{jesus_algoritmo_2014,
	address = {Brasília, Brasil},
	title = {Algoritmo para análise de aderência de perfis na comunidade acadêmica da {Universidade} de {Brasília}},
	school = {Universidade de Brasília},
	author = {Jesus, Dionlan Alves de and Freitas, Sérgio Antônio Andrade de},
	month = nov,
	year = {2014}
}

@misc{carvalho_sistema_2014,
	address = {Brasília, Brasil},
	title = {Sistema de {Buscas} em {Ambiente} {Virtual} de {Aprendizagem} baseada em {Perfis}},
	school = {Universidade de Brasília},
	author = {Carvalho, Pedro Henrique Potiguara and Freitas, Sérgio Antônio Andrade de},
	month = nov,
	year = {2014}
}

@book{pressman2006engenharia,
  title={Engenharia de software},
  author={Pressman, R.S.},
  isbn={9788586804571},
  url={https://books.google.com.br/books?id=MNM6AgAACAAJ},
  year={2006},
  publisher={McGraw-Hill}
}

@misc{box_simple_2000,
	title = {Simple {Object} {Access} {Protocol} ({SOAP}) 1.1},
	url = {https://www.w3.org/TR/2000/NOTE-SOAP-20000508/},
	urldate = {2016-05-25},
	author = {{BOX; EHNEBUSKE; KAKIVAYA} and Layman, Andrew and Mendelsohn, Noah and Nielsen, Henrik Frystyk and Thatte, Satish and Winer, Dave},
	month = may,
	year = {2000},
	file = {Simple Object Access Protocol (SOAP) 1.1:C\:\\Users\\Beatriz\\AppData\\Roaming\\Zotero\\Zotero\\Profiles\\wcu1dgdj.default\\zotero\\storage\\9TXQEWDJ\\NOTE-SOAP-20000508.html:text/html}
}

@book{Stallings_2006,
 author = {Stallings, William},
 title = {Data and Computer Communications (8th Edition)},
 year = {2006},
 isbn = {0132433109},
 publisher = {Prentice-Hall, Inc.},
 address = {Upper Saddle River, NJ, USA} 
}

@misc{rouse,
	title = {What is event-driven architecture ({EDA})? - {Definition} from {WhatIs}.com},
	shorttitle = {What is event-driven architecture ({EDA})?},
	url = {http://searchitoperations.techtarget.com/definition/event-driven-architecture},
	abstract = {An event-driven architecture (EDA) is a framework that orchestrates behavior around the production, detection and consumption of events as well as the responses they evoke.},
	urldate = {2016-05-21},
	journal = {SearchITOperations},
	author = {Rouse, Margaret},
	month = mar,
	year = {2011},
	note = {Última Visualização em: 21 mai. 2016},
	file = {Snapshot:C\:\\Users\\Beatriz\\AppData\\Roaming\\Zotero\\Zotero\\Profiles\\wcu1dgdj.default\\zotero\\storage\\CU7V9V8P\\event-driven-architecture.html:text/html}
}

@book{sommerville2008engenharia,
  title={Engenharia de software},
  author={Sommerville, I. and Melnikoff, S.S.S. and Arakaki, R. and de Andrade Barbosa, E.},
  isbn={9788588639287},
  url={https://books.google.com.br/books?id=ifIYOgAACAAJ},
  year={2008},
  publisher={ADDISON WESLEY BRA}
}

@misc{mueller_understanding_2013,
	title = {Understanding {SOAP} and {REST} {Basics} {And} {Differences}},
	url = {http://blog.smartbear.com/apis/understanding-soap-and-rest-basics/},
	language = {Inglês},
	urldate = {2016-04-01},
	journal = {SmartBear},
	note = {Última Visualização em: 27 mai. 2016},
	author = {Mueller, John},
	month = jan,
	year = {2013},
	file = {Understanding SOAP and REST Basics And Differences:C\:\\Users\\Beatriz\\AppData\\Roaming\\Zotero\\Zotero\\Profiles\\wcu1dgdj.default\\zotero\\storage\\VZQCEUMS\\understanding-soap-and-rest-basics.html:text/html}
}

@misc{canaltech_o_2015,
	title = {O que é {API}? - {Software}},
	url = {http://canaltech.com.br/o-que-e/software/o-que-e-api/},
	urldate = {2016-06-03},
	author = {Canaltech, Redação},
	year = {2015},
	file = {O que é API? - Software:C\:\\Users\\Beatriz\\AppData\\Roaming\\Zotero\\Zotero\\Profiles\\wcu1dgdj.default\\zotero\\storage\\5ET69PCN\\o-que-e-api.html:text/html}
}

@misc{wso2,
	title = {{WSO}2 {Enterprise} {Service} {Bus}},
	url = {http://wso2.com/products/enterprise-service-bus/},
	year = {},
	urldate = {2016-04-01},
	file = {WSO2 Enterprise Service Bus - Only 100% Open Source ESB | WSO2 Inc:C\:\\Users\\Beatriz\\AppData\\Roaming\\Zotero\\Zotero\\Profiles\\wcu1dgdj.default\\zotero\\storage\\N8RKWQRC\\enterprise-service-bus.html:text/html}
}

@misc{lewis_getting_2010,
	title = {Getting {Started} with {Service}-{Oriented} {Architecture} ({SOA}) {Terminology}},
	url = {http://www.sei.cmu.edu/library/assets/whitepapers/SOA_Terminology.pdf},
	language = {Inglês},
	urldate = {2016-04-01},
	publisher = {Software Engineering Institute Carnegie Mellon University},
	author = {Lewis, Grace},
	month = sep,
	year = {2010},
	file = {:C\:\\Users\\Beatriz\\AppData\\Roaming\\Zotero\\Zotero\\Profiles\\wcu1dgdj.default\\zotero\\storage\\93Z6BBCK\\SOA_Terminology.html:text/html}
}


@misc{oqueesoa_2010,
	title = {O que é {SOA} e por que usá-la?},
	url = {http://www.celtainformatica.com.br/noticias/o-que-e-soa-e-por-que-usa-la},
	urldate = {2016-02-11},
	journal = {Celta Informática},
	author = {{Celta Informática}},
	month = jun,
	year = {2010},
	note = {Última Visualização em: 27 mai. 2016},
	file = {O que é SOA e por que usá-la? - Celta Informática | Celta Informática:C\:\\Users\\Beatriz\\AppData\\Roaming\\Zotero\\Zotero\\Profiles\\wcu1dgdj.default\\zotero\\storage\\2AH2WFVG\\o-que-e-soa-e-por-que-usa-la).html:text/html}
}
@misc{soavsesb_2013,
	type = {Apresentação {Prezi}},
	title = {{SOA} vs {ESB}},
	url = {https://prezi.com/na8_yc87is6s/soa-vs-esb/},
	language = {Português},
	urldate = {2016-04-01},
	author = {Ferreira, Artur},
	month = jun,
	year = {2013},
	file = {SOA vs ESB by Artur Ferreira on Prezi:C\:\\Users\\Beatriz\\AppData\\Roaming\\Zotero\\Zotero\\Profiles\\wcu1dgdj.default\\zotero\\storage\\AIBIPK2Q\\soa-vs-esb.html:text/html}
}

@techreport{agilar_uma_2015,
	address = {Brasília, Brasil},
	title = {Uma {Abordagem} {Orientada} a {Serviços} para a {Modernização} dos {Sistemas} {Legados} da {UnB}},
	institution = {Universidade de Brasília},
	author = {Agilar, Everton de V. and Almeida, Rodrigo Bonifacio de},
	year = {2015}
}


@article{silva_jbossesb_2008,
	title = {Artigo {Java} {Magazine} 59 - {JBoss} {ESB}},
	volume = {59},
	url = {http://www.devmedia.com.br/artigo-java-magazine-59-jboss-esb/10202},
	abstract = {Java Magazine - Artigo da Revista Java Magazine Edição 59.},
	urldate = {2016-05-22},
	journal = {Java Magazine DevMedia},
	author = {Silva, Edgar},
	year = {2008},
	note = {Última Visualização em: 22 mai. 2016},
	file = {Snapshot:C\:\\Users\\Beatriz\\AppData\\Roaming\\Zotero\\Zotero\\Profiles\\wcu1dgdj.default\\zotero\\storage\\ZJK2VRRU\\10202.html:text/html}
}

@misc{vantagens_desvantagens_soa,
	title = {Vantagens e {Desvantagens} de {SOA}},
	url = {http://www.devmedia.com.br/vantagens-e-desvantagens-de-soa/27437},
	year = {2013},
	author = {Mendes, Edson},
	urldate = {2016-04-01},
	note = {Última Visualização em: 21 mai. 2016},
	file = {Vantagens e Desvantagens de SOA:C\:\\Users\\Beatriz\\AppData\\Roaming\\Zotero\\Zotero\\Profiles\\wcu1dgdj.default\\zotero\\storage\\P4T5PZCJ\\27437.html:text/html}
}
@incollection{erl_orientacaoaservico_2009,
	address = {São Paulo},
	title = {Orientação a serviços},
	isbn = {978-85-7605-189-3},
	language = {Português},
	booktitle = {{SOA}: {Princípios} de {Design} de {Serviços}},
	publisher = {Pearson Prentice Hall},
	author = {Erl, Thomas},
	editor = {Gama, Francisco C. N. da and Barbosa, Ricardo de C.},
	translator = {Schafranski, Carlos and Furmankiewicz, Edson},
	year = {2009},
	pages = {306}
}

@incollection{erl_computacao_2009,
	address = {São Paulo},
	title = {Computação orientada a serviços e {SOA}},
	isbn = {978-85-7605-189-3},
	language = {Português},
	booktitle = {{SOA}: {Princípios} de {Design} de {Serviços}},
	publisher = {Pearson Prentice Hall},
	author = {Erl, Thomas},
	editor = {Gama, Francisco C. N. da and Barbosa, Ricardo de C.},
	translator = {Schafranski, Carlos and Furmankiewicz, Edson},
	year = {2009},
	pages = {306}
}

@phdthesis{pereira_psoa_2011,
	address = {Rio Grande do Sul},
	type = {{masterThesis}},
	title = {{PSOA}: um framework de práticas e padrões {SOA} para projetos {DDS}},
	url = {http://hdl.handle.net/10923/1658},
	abstract = {Diversas pesquisas têm contribuído para estabelecer a relação entre coordenação de atividades e Arquitetura de Software em projetos com equipes distribuídas. Em um estudo qualitativo preliminar sobre a influência da Arquitetura de Software no Desenvolvimento Distribuído de Software coletou-se informações de Engenheiros de Software de empresas envolvidas em projetos de Desenvolvimento Distribuído de Software. Esse estudo expôs a larga utilização de arquiteturas orientadas a serviço (SOA), indicando uma tendência ao uso desse padrão de arquitetura de baixo acoplamento por empresas que desenvolvem seus projetos de forma distribuída. Estudos posteriores revelaram um conjunto de práticas de desenvolvimento em SOA, utilizadas por essas empresas. Esse conjunto de práticas foi organizado em um framework conceitual a partir do qual se realizou um experimento para comparar o esforço empregado no desenvolvimento de projetos DDS utilizando os conceitos desse framework, com o esforço sem a utilização desses conceitos. Os resultados do experimento mostraram que utilizar as práticas de desenvolvimento em SOA pode reduzir o esforço no desenvolvimento de projetos DDS que utilizam esse estilo arquitetural.},
	language = {Português},
	urldate = {2016-04-01},
	school = {Pontifícia Universidade Católica do Rio Grande do Sul},
	author = {Pereira, Marcelo Zilio},
	collaborator = {Audy, Jorge Luis Nicolas},
	year = {2011},
	file = {Repositório PUCRS\: PSOA\: um framework de práticas e padrões SOA para projetos DDS:C\:\\Users\\Beatriz\\AppData\\Roaming\\Zotero\\Zotero\\Profiles\\wcu1dgdj.default\\zotero\\storage\\N8SX5ZMV\\1658.html:text/html}
}

@misc{rozlog_restesoap_2013,
	title = {{REST} e {SOAP}: {Usar} um dos dois ou ambos?},
	url = {http://www.infoq.com/br/articles/rest-soap-when-to-use-each},
	abstract = {Desenvolvedores web têm uma grande quantidade de tecnologias que podem escolher, e a quantidade de opções já é um desafio. Nesse breve artigo, vamos nos concentrar em duas abordagens existentes para interface com serviços web: SOAP e REST.},
	language = {Português},
	urldate = {2016-02-10},
	journal = {InfoQ},
	author = {Rozlog, Mike},
	translator = {Costa, Marcelo},
	month = oct,
	year = {2013},
	note = {Última Visualização em: 27 mai. 2016},
	file = {Snapshot:C\:\\Users\\Beatriz\\AppData\\Roaming\\Zotero\\Zotero\\Profiles\\wcu1dgdj.default\\zotero\\storage\\7UPS8S2J\\rest-soap-when-to-use-each.html:text/html}
}

@article{belqasmi_soap-based_2012,
	title = {{SOAP}-{Based} vs. {RESTful} {Web} {Services}: {A} {Case} {Study} for {Multimedia} {Conferencing}},
	volume = {16},
	issn = {1089-7801},
	shorttitle = {{SOAP}-{Based} vs. {RESTful} {Web} {Services}},
	url = {http://ieeexplore.ieee.org/lpdocs/epic03/wrapper.htm?arnumber=6197173},
	doi = {10.1109/MIC.2012.62},
	number = {4},
	urldate = {2016-02-09},
	journal = {IEEE Internet Computing},
	author = {Belqasmi, Fatna and Singh, Jagdeep and Bani Melhem, Suhib Younis and Glitho, Roch H.},
	month = jul,
	year = {2012},
	pages = {54--63}
}

@misc{evdemon_principios_2005,
	title = {Princípios do design de serviço: padrões e antipadrões de serviço},
	url = {https://msdn.microsoft.com/pt-br/library/ms954638.aspx},
	abstract = {Os Princípios do design de serviço foram desenvolvidos para comunicar melhores práticas e códigos de exemplo, quando relevantes. Este primeiro artigo de uma série fornece os princípios fundamentais para o design e a implementação de serviços da Web, incluindo uma breve revisão dos conceitos da SOA (Service Oriented Architecture) e uma análise detalhada de vários padrões e antipadrões dos quais os desenvolvedores podem tirar proveito ao criar serviços da Web. A orientação se aplica a qualquer linguagem de programação ou plataforma para as quais podem ser desenvolvidos e implantados serviços da Web.},
	urldate = {2016-04-01},
	journal = {MSDN - Microsoft Developer Network},
	author = {Evdemon, John},
	month = aug,
	year = {2005},
	file = {Princípios do design de serviço\: padrões e antipadrões de serviço:C\:\\Users\\Beatriz\\AppData\\Roaming\\Zotero\\Zotero\\Profiles\\wcu1dgdj.default\\zotero\\storage\\2IIANTB8\\ms954638.html:text/html}
}

@book{linthicum_soainrealworld_2007,
	title = {Service {Oriented} {Architecture} ({SOA}) in the {Real} {World}},
	abstract = {SOA is an architectural approach to creating systems built from autonomous services. With SOA, integration becomes forethought rather than afterthought.This book introduces a set of architectural capabilities, and explores them in subsequent chapters.},
	publisher = {Microsoft Corporation},
	author = {Linthicum, David and Bloomberg, Jason and Whitehead, Alfred North and Berners-Lee, Tim and Martin, Douglas and {Elasti-Girl}},
	month = aug,
	year = {2007}
}

@article{dai_bridging_2015,
	title = {Bridging {Service}-{Oriented} {Architecture} and {IEC} 61499 for {Flexibility} and {Interoperability}},
	volume = {11},
	issn = {1551-3203, 1941-0050},
	url = {http://ieeexplore.ieee.org/lpdocs/epic03/wrapper.htm?arnumber=7086296},
	doi = {10.1109/TII.2015.2423495},
	number = {3},
	urldate = {2016-04-01},
	journal = {IEEE Transactions on Industrial Informatics},
	author = {Dai, Wenbin and Vyatkin, Valeriy and Christensen, James H. and Dubinin, Victor N.},
	month = jun,
	year = {2015},
	pages = {771--781}
}

@book{schwaber_guia_2013,
	title = {Guia do {Scrum} {Um} guia definitivo para o {Scrum}: {As} regras do jogo},
	url = {http://www.scrumguides.org/docs/scrumguide/v1/Scrum-Guide-Portuguese-BR.pdf},
	language = {Portuguese},
	urldate = {2015-11-18},
	author = {Schwaber, Ken and Sutherland, Jeff},
	year = {2013}
}

@book{rational_software_rational_1998,
	title = {Rational {Unified} {Process} - {Best} {Practices} for {Software} {Development} {Teams}},
	publisher = {Rational Software},
	author = {{Rational Software}},
	year = {1998}
}

@misc{galen_technical_2013,
	title = {Technical {User} {Stories} – {What}, {When}, and {How}?},
	url = {http://rgalen.com/agile-training-news/2013/11/10/technical-user-stories-what-when-and-how},
	urldate = {2016-06-01},
	journal = {RGalen Consulting},
	author = {Galen, Robert},
	note = {Última Visualização em: 12 jun. 2016},
	month = nov,
	year = {2013},
	file = {Technical User Stories – What, When, and How? — RGalen Consulting:C\:\\Users\\Beatriz\\AppData\\Roaming\\Zotero\\Zotero\\Profiles\\wcu1dgdj.default\\zotero\\storage\\6IZW5BWV\\technical-user-stories-what-when-and-how.html:text/html}
}

@misc{ambler_user_2005,
	title = {User {Stories}: {An} {Agile} {Introduction}},
	url = {http://www.agilemodeling.com/artifacts/userStory.htm},
	urldate = {2016-06-01},
	year = {2005},
	note = {Última Visualização em: 13 jun. 2016},
	author = {Ambler, Scott},
	file = {User Stories\: An Agile Introduction:C\:\\Users\\Beatriz\\AppData\\Roaming\\Zotero\\Zotero\\Profiles\\wcu1dgdj.default\\zotero\\storage\\MTP4ZADM\\userStory.html:text/html}
}

@article{steenderen_standard_2000,
	title = {Standard {Object} {Access} {Protocol} ({SOAP})},
	volume = {2},
	issn = {1560-683X},
	url = {http://www.sajim.co.za/index.php/SAJIM/article/viewFile/106/103},
	abstract = {There are many new standards being developed and accepted internationally, often as collaborations between key IT players. One of the latest standards is SOAP (Standard Object Access Protocol), using XML. It is important to keep up to date with the latest standards and protocols, so as to be aware of what is newly available and what is becoming easier to implement and maintain.},
	number = {2/3},
	journal = {InterWord Communications - South African Journal of Information Management},
	author = {Steenderen, Margaret van and Dyk, Pierre van},
	month = sep,
	year = {2000}
}

@article{safi_esfahani_adaptablesoa_2011,
	title = {Adaptable {Decentralized} {Service} {Oriented} {Architecture}},
	volume = {84},
	issn = {01641212},
	url = {http://linkinghub.elsevier.com/retrieve/pii/S0164121211000744},
	doi = {10.1016/j.jss.2011.03.031},
	language = {en},
	number = {10},
	urldate = {2016-04-01},
	journal = {Journal of Systems and Software},
	author = {Safi Esfahani, Faramarz and Azmi Murad, Masrah Azrifah and Sulaiman, Md. Nasir B. and Udzir, Nur Izura},
	month = oct,
	year = {2011},
	pages = {1591--1617}
}

@article{peredo_software_2014,
	title = {Software {Architecture} and {Design} with {Semantic} {Web} {Technologies} in {Virtual} {Learning} {Environments}},
	volume = {15},
	url = {http://iacis.org/iis/2014/111_iis_2014_190-196.pdf},
	abstract = {Software architecture is a principal focus in the software engineering, the development of the software industry, a
robust architecture allows to communicate a detailed design, which can be implemented in the coding. Any software
independently of its application  domain should have in general an architecture design guide, which guides its
structure and development, without being excluded the Virtual Learning Environments. The Semantic Web is a
crusade to represent data in formats to automate processing, integrating, and reasoning. The Semantic Web is a
new programming viewpoint that converts distributed, confusing, and massive data into real solutions, giving to the
metrics a new dimension. The proposal based on Semantic Web allows acquisition of information, automating the
persistence and retrieval, allowing the integration of different views about the Learner, providing an enhanced
visualization of the state about the Learner to the Coach/ Coach Agent, improving the decision  making based on
Learner’s metrics.},
	number = {2},
	urldate = {2016-02-09},
	journal = {Issues in Information Systems - A Journal of IACIS},
	author = {Peredo, Rubén and Peredo, Ivan},
	year = {2014},
	pages = {190--196}
}

@article{sangwan_integrating_2008,
	title = {Integrating a software architecture-centric method into object-oriented analysis and design},
	volume = {81},
	issn = {01641212},
	url = {http://linkinghub.elsevier.com/retrieve/pii/S0164121207001872},
	doi = {10.1016/j.jss.2007.07.031},
	abstract = {The choice of methodology for the development of the architecture for software systems has a direct eﬀect on the suitability of that
architecture. If the development process is driven by the user’s functional requirements, we would expect the architecture to appropriately reﬂect those requirements. We would also expect other aspects not captured in the functional speciﬁcation to be absent from the
architecture. The same phenomenon is true in development approaches that stress the importance of systemic quality attributes or other
non-functional requirements; those requirements are prominent in the resulting architecture, while other requirement types not stressed
by the approach are absent. In other words, the ﬁnal architecture reﬂects the focus of the development approach. An ideal approach,
therefore, is one that incorporates all goals, expectations, and requirements: both business and technical. To accomplish this we have
incorporated, into a single architectural development process, generalized Object-Oriented Analysis and Design (OOAD) methodologies
with the software architecture-centric method, the Quality Attribute Workshop (QAW) and Attribute Driven Design (ADD). OOAD,
while relatively intuitive, focuses heavily on functional requirements and has the beneﬁt of semantic closeness to the problem domain
making it an intuitive process with comprehendible results. Architecture-centric approaches, on the other hand, provide explicit and
methodical guidance to an architect in creating systems with desirable qualities and goals. They provide minimal guidance in determining
ﬁne-grained architecture, however. The integrated approach described in this paper maximizes the beneﬁts of the respective processes
while eliminating their ﬂaws and was applied in a eight university, global development research project with great success. A case study
from that experiment is included here to demonstrate the method.},
	language = {en},
	number = {5},
	urldate = {2016-02-09},
	journal = {Journal of Systems and Software},
	author = {Sangwan, Raghvinder and Neill, Colin and Bass, Matthew and El Houda, Zakaria},
	month = may,
	year = {2008},
	pages = {727--746}
}

@article{malloy_improving_2006,
	title = {Improving the predictable assembly of service-oriented architectures},
	volume = {23},
	issn = {0740-7459},
	url = {http://ieeexplore.ieee.org/lpdocs/epic03/wrapper.htm?arnumber=1605172},
	doi = {10.1109/MS.2006.49},
	number = {2},
	urldate = {2016-04-01},
	journal = {IEEE Software},
	author = {Malloy, B.A. and Kraft, N.A. and Hallstrom, J.O. and Voas, J.M.},
	month = mar,
	year = {2006},
	pages = {12--15}
}

@article{park_integrated_2012,
	title = {Integrated {Model} of {Service}-{Oriented} {Architecture} and {Web}-{Oriented} {Architecture} for {Financial} {Software}},
	volume = {28},
	url = {http://www.iis.sinica.edu.tw/page/jise/2012/201209_07.pdf},
	abstract = {Service-Oriented Architecture (SOA), which supports various features such as the interoperability and reusability of IT resources, comes into the spotlight as an effective approach for adapting new business environmental changes. SOA, however, has some problems including the high realization complexity and low Return on Investment (ROI). As a solution for these problems, Web-Oriented Architecture (WOA) has been gained attentions and expected the flexibility and reduction of complexity to be indeed achieved with simple implementations using RESTful services and mashups. However, it also has some drawbacks related to security concerns and unstable message transmissions. In this paper, we propose a novel integrated model that combines the advantages of both SOA and WOA seamlessly. According to the characteristics of a service, the proposed model applies SOA or WOA approach selectively to provide an appropriate way to implement the service. We employ the proposed model to design an actual financial software suite and validate its effectiveness using the well-known function point analysis. Estimation results have shown that our model can reduce the function point of the financial software up to 38\%, compared with the legacy SOA based software, while satisfying diverse customer's requirements.},
	language = {en},
	number = {5},
	urldate = {2016-02-09},
	journal = {Journal of Information Science and Engineering},
	author = {Park, Sohyun and Choi, Jongmoo and Yoo, Haeyoung},
	year = {2012},
	pages = {925--939}
}



@article{roschelle_educational_1996,
	title = {Educational {Software} {Architecture} {And} {Systemic} {Impact}: {The} {Promise} {Of} {Component} {Software}},
	volume = {14},
	url = {https://www.sri.com/sites/default/files/publications/imports/EdSoftwareArch.pdf},
	number = {3},
	urldate = {2016-04-01},
	journal = {Journal of Educational Computing Research},
	author = {Roschelle, Jeremy and Kaput, James},
	year = {1996},
	pages = {217--228},
	file = {Educational Software Architecture And Systemic Impact\: The Promise Of Component Software | SRI International:C\:\\Users\\Beatriz\\AppData\\Roaming\\Zotero\\Zotero\\Profiles\\wcu1dgdj.default\\zotero\\storage\\GG9U5QK8\\educational-software-architecture-and-systemic-impact-promise-component-software.html:text/html}
}

@phdthesis{onoe_proposta_2010,
	type = {text},
	title = {Proposta de governança {SOA} utilizando capacidades dinâmicas: uma aplicação em centro de comunicação digital universitário.},
	shorttitle = {Proposta de governança {SOA} utilizando capacidades dinâmicas},
	url = {http://www.teses.usp.br/teses/disponiveis/3/3141/tde-19012011-095120/},
	abstract = {A Arquitetura Orientada a Serviço SOA (Service Oriented Architecture) firmou-se como paradigma de desenvolvimento de sistemas de tecnologia da informação e comunicação TIC, pelas suas características que proporcionam flexibilidade, agilidade, reuso e escalabilidade. Porém, para que uma aplicação SOA seja bem-sucedida é imperativo que seja embasada por uma governança eficaz. Como desenvolver e manter esta governança atualizada em um ambiente com rápidas e imprevisíveis mudanças é um grande desafio. Este trabalho tem como objetivo apresentar uma metodologia para que uma organização com infra-estrutura modesta de TI possa manter esta governança SOA (governança de sistemas baseados na Arquitetura Orientada a Serviço), utilizando as capacidades dinâmicas constituídas por habilidades e rotinas peculiares da organização. A contribuição do trabalho reside na ligação, praticamente inexistente, das linhas de pesquisa de governança SOA e de capacidades dinâmicas. Para isto, o trabalho identifica o que precisa ser feito (framework), quem são os responsáveis pelo desenvolvimento e manutenção (atores) e como atuar na governança SOA (plataforma). O desenvolvimento foi embasado por uma extensa pesquisa dos conceitos envolvidos, seguido pela inferência das capacidades dinâmicas necessárias para a governança SOA e, finalmente, a implementação de uma plataforma que permite ao analista de processos mudar a governança SOA de forma interativa. O trabalho teve como resultados a elaboração de uma metodologia e um sistema de manutenção da governança operacional de sistemas baseados em SOA. A metodologia compreende os requisitos e a forma de análise das mudanças dos elementos que compõem a governança SOA. O sistema é constituído por um framework e uma plataforma de implantação ágil e eficaz, para aplicar capacidades dinâmicas na governança SOA.},
	language = {pt-br},
	urldate = {2016-04-01},
	school = {Universidade de São Paulo},
	author = {Onoe, Alberto Yoshinobu},
	month = nov,
	year = {2010},
	file = {Full Text PDF:C\:\\Users\\Beatriz\\AppData\\Roaming\\Zotero\\Zotero\\Profiles\\wcu1dgdj.default\\zotero\\storage\\7K5SRH32\\Onoe - 2010 - Proposta de governança SOA utilizando capacidades .pdf:application/pdf;Snapshot:C\:\\Users\\Beatriz\\AppData\\Roaming\\Zotero\\Zotero\\Profiles\\wcu1dgdj.default\\zotero\\storage\\E77WBATG\\en.html:text/html}
}

@phdthesis{junior_uma_2012,
	type = {text},
	title = {Uma arquitetura para aprendizagem colaborativa utilizando a integração web e {TV} digital integrativa},
	url = {http://www.repositorio.ufal.br/handle/riufal/849},
	abstract = {The Interactive Digital TV (TVDi) arises in society as an important resource for the promotion of learning, collaborative mainly, in response to technological developments television, and as a way to attend the need to strengthen education in the world. Given this perception, starting from one of the areas of learning sciences entitled CSCL (Computer-Supported Collaborative Learning), designed a research project, based on collaborative components, the result of which is characterized by an architecture for interaction using the Web and TV digital return channel via online, in order to make lessons more dynamic and virtual classroom learning and facilitate extracurricular student, without sacrificing entertainment medium that television provides the learner in his family and social context. The T-questions proposed environment enables virtual interactions and F2F (face to face), favoring a particular type of blended learning (b-learning) in the environment where the student is inserted, enhancing collaboration in order to motivate him to learn. Thus, in this dissertation, was developed a collaborative architecture combining NCL and LUA languages, with the support of the Brazilian middleware emulator - Ginga, composed of two modules: Web-Teacher-Student and TVDi, designed for the environment of Brazilian Digital TV. The adoption of this proposed work environment as a learning resource in an educational institution can assist and facilitate the teaching-learning process by applying this tool to support distance education and classroom, contributing to the social and digital inclusion through the use this media already so familiar in society.},
	language = {por},
	urldate = {2016-02-09},
	school = {Universidade Federal de Alagoas},
	author = {Júnior, Dias and Vieira, Maurício},
	month = sep,
	year = {2012},
	file = {Full Text PDF:C\:\\Users\\Beatriz\\AppData\\Roaming\\Zotero\\Zotero\\Profiles\\wcu1dgdj.default\\zotero\\storage\\RVA2DCK7\\Júnior and Vieira - 2012 - Uma arquitetura para aprendizagem colaborativa uti.pdf:application/pdf;Snapshot:C\:\\Users\\Beatriz\\AppData\\Roaming\\Zotero\\Zotero\\Profiles\\wcu1dgdj.default\\zotero\\storage\\EWMDS8IC\\849.html:text/html}
}

@inproceedings{jansen_software_2005,
	title = {Software {Architecture} as a {Set} of {Architectural} {Design} {Decisions}},
	isbn = {978-0-7695-2548-8},
	url = {http://ieeexplore.ieee.org/lpdocs/epic03/wrapper.htm?arnumber=1620096},
	doi = {10.1109/WICSA.2005.61},
	urldate = {2016-04-01},
	publisher = {IEEE},
	author = {Jansen, A. and Bosch, J.},
	year = {2005},
	pages = {109--120}
}

@article{lopez-sanz_modelling_2008,
	title = {Modelling of {Service}-{Oriented} {Architectures} with {UML}},
	volume = {194},
	issn = {15710661},
	url = {http://linkinghub.elsevier.com/retrieve/pii/S1571066108002028},
	doi = {10.1016/j.entcs.2008.03.097},
	language = {en},
	number = {4},
	urldate = {2016-04-01},
	journal = {Electronic Notes in Theoretical Computer Science},
	author = {López-Sanz, Marcos and Acuña, César J. and Cuesta, Carlos E. and Marcos, Esperanza},
	month = apr,
	year = {2008},
	pages = {23--37}
}

@book{erl_soa_2009,
	address = {São Paulo},
	edition = {1},
	title = {{SOA}: {Princípios} de {Design} de {Serviços}},
	isbn = {978-85-7605-189-3},
	language = {pt-br},
	publisher = {Pearson Prentice Hall},
	author = {Erl, Thomas},
	editor = {Gama, Francisco C. N. da and Barbosa, Ricardo de C.},
	translator = {Schafranski, Carlos and Furmankiewicz, Edson},
	year = {2009}
}

@book{dikmans_soamadesimple_2012,
	address = {BIRMINGHAM - MUMBAI},
	title = {{SOA} {Made} {Simple}},
	isbn = {978-1-84968-416-3},
	publisher = {Packt Publishing},
	author = {Dikmans, Lonneke and Luttikhuizen, Ronald van},
	year = {2012}
}

@book{siriwardena_enterprise_2013,
	address = {BIRMINGHAM - MUMBAI},
	edition = {1},
	title = {Enterprise {Integration} with {WSO}2 {ESB}},
	isbn = {978-1-78328-019-3},
	language = {en},
	publisher = {Packt Publishing},
	author = {Siriwardena, Prabath},
	month = oct,
	year = {2013}
}

@misc{software_engineering_institute,
	title = {Software {Architecture}},
	url = {http://www.sei.cmu.edu/architecture/},
	urldate = {2016-04-01},
	author = {{Software Engineering Institute - Carnegie Mellon University}},
	file = {Software Architecture | Overview:C\:\\Users\\Beatriz\\AppData\\Roaming\\Zotero\\Zotero\\Profiles\\wcu1dgdj.default\\zotero\\storage\\N9Q6E9PU\\architecture.html:text/html}
}

@book{bass_software_archi_practice_2003,
	edition = {2},
	title = {Software {Architecture} in {Practice}},
	isbn = {0-321-15495-9},
	publisher = {Addison-Wesley Professional},
	author = {Bass, Lens and Clements, Paul C. and Kazman, Rick},
	month = apr,
	year = {2003}
}

@techreport{Bianco2007,
  abstract = {The emergence of service-oriented architecture {(SOA)} as an approach for integrating applications that expose services presents many new challenges to organizations resulting in significant risks to their business. Particularly important among those risks are failures to effectively address quality attribute requirements such as performance, availability, security, and modifiability. Because the risk and impact of {SOA} is distributed and pervasive across applications, it is critical to per-form an architecture evaluation early in the software life cycle. This report contains technical in-formation about {SOA} design considerations and tradeoffs that can help the architecture evaluator to identify and mitigate risks in a timely and effective manner. The report provides an overview of {SOA,} outlines key architecture approaches and their effect on quality attributes, establishes an organized collection of design-related questions that an architecture evaluator may use to analyze the ability of the architecture to meet quality requirements, and provides a brief sample evaluation.},
  added-at = {2010-03-22T14:17:02.000+0100},
  author = {Bianco, Philip and Kotermanski, Rick and Merson, Paulo},
  institution = {Carnegie Mellon},
  month = {#sep#},
  number = {CMU/SEI-2007-TR-015},
  timestamp = {2010-03-22T14:17:02.000+0100},
  title = {Evaluating a Service-Oriented Architecture},
  type = {Technical Report},
  url = {http://www.sei.cmu.edu/library/abstracts/reports/07tr015.cfm},
  year = 2007
}



@misc{silva_introducao_conceitos_wso2,
	title = {Introdução aos {Conceitos} do {WSO}2 {ESB}},
	url = {http://pt.slideshare.net/edgarsilva/introduo-aos-conceitos-do-wso2-esb},
	year = {2014},
	urldate = {2016-04-17},
	author = {Silva, Edgar}
}

@article{oliveira_interoperabilidade,
	title = {Interoperabilidade em {SOA}: {Desafios} e {Padrões}},
	url = {http://www.univale.com.br/unisite/mundo-j/artigos/37Interoperabilidade.pdf},
	abstract = {A interoperabilidade de serviços é uma característica
que permite o acesso e consumo dos serviços
de maneira transparente e independente de
tecnologia. Como SOA é uma abordagem de adoção
corporativa, frequentemente encontramos cenários
tecnologicamente heterogêneos e é fundamental
que este fato não impossibilite a utilização de
serviços de maneira geral. Dessa forma, a busca
por interoperabilidade é contínua e muitas vezes
necessária. Neste artigo, são apresentados alguns
conceitos relacionados, mas principalmente os
padrões de interoperabilidade mais indicados na
implementação de serviços em aplicações SOA.},
	journal = {SOA na prática},
	author = {Oliveira, Marcílio and Navarro, Rafael},
	year = {2009}
}

@article{chen_software_2010,
	title = {From {Software} {Architecture} {Analysis} to {Service} {Engineering}: {An} {Empirical} {Study} of {Methodology} {Development} for {Enterprise} {SOA} {Implementation}},
	volume = {3},
	issn = {1939-1374},
	shorttitle = {From {Software} {Architecture} {Analysis} to {Service} {Engineering}},
	url = {http://ieeexplore.ieee.org/articleDetails.jsp?arnumber=5467023},
	doi = {10.1109/TSC.2010.21},
	language = {English},
	number = {2},
	urldate = {2016-04-19},
	journal = {IEEE Transactions on Services Computing},
	author = {Chen, H. M. and Kazman, R. and Perry, O.},
	month = jun,
	year = {2010},
	pages = {145--160},
	file = {Snapshot:C\:\\Users\\Beatriz\\AppData\\Roaming\\Zotero\\Zotero\\Profiles\\wcu1dgdj.default\\zotero\\storage\\SPIWBECV\\articleDetails.html:text/html}
}

@misc{adaptive_ltd_service_2009,
	title = {Service oriented architecture {Modeling} {Language} ({SoaML}) - {Specification} for the {UML} {Profile} and {Metamodel} for {Services} ({UPMS})},
	url = {http://www.uio.no/studier/emner/matnat/ifi/INF5120/v10/undervisningsmateriale/},
	urldate = {2016-04-19},
	publisher = {OMG - Object Management Group},
	author = { {Capgemini, Adaptive Ltd, Fujistu} and {CSC} and {EDS}  and {Hewlett-Packard} and {International Business Machines Corporations} and {MEGA International} and {Model Driven Solutions} and {Rhysome} and {Softeam}},
	year = {2009},
	file = {Undervisningsmateriale - INF5120 - Spring 2010 - Universitetet i Oslo:C\:\\Users\\Beatriz\\AppData\\Roaming\\Zotero\\Zotero\\Profiles\\wcu1dgdj.default\\zotero\\storage\\BSZ465E6\\undervisningsmateriale.html:text/html}
}

@book{josuttis_soa_2007,
	title = {Soa in {Practice}: {The} {Art} of {Distributed} {System} {Design}},
	isbn = {0-596-52955-4},
	publisher = {O'Reilly Media, Inc.},
	author = {Josuttis, Nicolai},
	year = {2007}
}

@misc{haas_web_2004,
	title = {Web {Services} {Architecture}},
	url = {https://www.w3.org/TR/ws-arch/#whatis},
	urldate = {2016-05-21},
	journal = {Web Services Glossary},
	author = {Haas, Hugo and Brown, Allen},
	month = feb,
	note = {Última Visualização em: 12 jun. 2016},
	year = {2004},
	file = {Web Services Architecture:C\:\\Users\\Beatriz\\AppData\\Roaming\\Zotero\\Zotero\\Profiles\\wcu1dgdj.default\\zotero\\storage\\94PIMXV5\\ws-arch.html:text/html}
}

@techreport{bianco_architecting_2011,
	address = {Pittsburgh, PA},
	title = {Architecting {Service}-{Oriented} {Systems}},
	url = {http://resources.sei.cmu.edu/library/asset-view.cfm?AssetID=9829},
	number = {CMU/SEI-2011-TN-008},
	institution = {Software Engineering Institute, Carnegie Mellon University},
	author = {{BIANCO; LEWIS; MERSON; SIMANTA}},
	year = {2011}
}

@book{erl_service-oriented_2004,
	address = {Upper Saddle River, NJ, USA},
	title = {Service-{Oriented} {Architecture}: {A} {Field} {Guide} to {Integrating} {XML} and {Web} {Services}},
	isbn = {0-13-142898-5},
	publisher = {Prentice Hall PTR},
	author = {Erl, Thomas},
	year = {2004}
}

@book{erl_service-oriented_2005,
	address = {Upper Saddle River, NJ, USA},
	title = {Service-{Oriented} {Architecture}: {Concepts}, {Technology}, and {Design}},
	isbn = {0-13-185858-0},
	publisher = {Prentice Hall PTR},
	author = {Erl, Thomas},
	year = {2005}
}

@techreport{nickull_service_2007,
	address = {San Jose, CA, USA},
	title = {Service {Oriented} {Architecture} ({SOA}) and {Specialized} {Messaging} {Patterns}},
	institution = {Adobe Systems Incorporated},
	author = {Nickull, Duane and Reitman, Laurel and Ward, James and Wilber, Jack},
	year = {2007}
}

@inproceedings{kazman_essential_2005,
	title = {The essential components of software architecture design and analysis},
	isbn = {978-0-7695-2465-8},
	url = {http://ieeexplore.ieee.org/lpdocs/epic03/wrapper.htm?arnumber=1607129},
	doi = {10.1109/APSEC.2005.103},
	urldate = {2016-04-20},
	publisher = {IEEE},
	author = {Kazman, R.},
	year = {2005},
	pages = {1 pp.}
}
